<record><leader>00000cas a22000007a 4500</leader><controlfield tag="001">41296405</controlfield><controlfield tag="008">990504d186718uuncuwr ne      0    0eng d</controlfield><datafield ind1=" " ind2=" " tag="010"><subfield code="a">sn 98058985 </subfield></datafield><datafield ind1=" " ind2=" " tag="040"><subfield code="a">NVJ</subfield><subfield code="b">eng</subfield><subfield code="c">NVJ</subfield><subfield code="d">OCLCQ</subfield><subfield code="d">OCLCO</subfield></datafield><datafield ind1=" " ind2=" " tag="042"><subfield code="a">msc</subfield></datafield><datafield ind1="0" ind2=" " tag="130"><subfield code="a">Salem observer (Salem, N.C.)</subfield></datafield><datafield ind1="0" ind2="4" tag="245"><subfield code="a">The Salem observer.</subfield></datafield><datafield ind1="1" ind2="3" tag="246"><subfield code="a">Salem observer-extra.</subfield></datafield><datafield ind1=" " ind2=" " tag="260"><subfield code="a">Salem, N.C. :</subfield><subfield code="b">John H. Bonner</subfield></datafield><datafield ind1=" " ind2=" " tag="300"><subfield code="a">v.</subfield></datafield><datafield ind1=" " ind2=" " tag="310"><subfield code="a">Weekly</subfield></datafield><datafield ind1="0" ind2=" " tag="362"><subfield code="a">Vol. 1, no. 1 (Feb. 8, 1867)-</subfield></datafield><datafield ind1=" " ind2=" " tag="515"><subfield code="a">Vol. 1, no. 1 preceded by two "Extra" issues, dated Jan. 25 &amp; Feb. 1, 1867.</subfield></datafield><datafield ind1=" " ind2="0" tag="651"><subfield code="a">Salem (N.C.)</subfield><subfield code="v">Newspapers.</subfield></datafield><datafield ind1=" " ind2="0" tag="651"><subfield code="a">Forsyth County (N.C.)</subfield><subfield code="v">Newspapers.</subfield></datafield><datafield ind1=" " ind2=" " tag="752"><subfield code="a">United States</subfield><subfield code="b">North Carolina</subfield><subfield code="c">Forsyth</subfield><subfield code="d">Winston-Salem.</subfield></datafield><datafield ind1=" " ind2=" " tag="752"><subfield code="a">United States</subfield><subfield code="b">North Carolina</subfield><subfield code="c">Forsyth</subfield><subfield code="d">Salem.</subfield></datafield></record>